@MISC{ExpediaGroupTech2020,
  author = {Sasidhar Sekar},
  title = {Autoscaling in Kubernetes: Why Doesn't the Horizontal Pod Autoscaler Work for Me?},
  howpublished = {\seqsplit{https://medium.com/expedia-group-tech/autoscaling-in-kubernetes-why-doesnt-the-horizontal-pod-autoscaler-work-for-me-5f0094694054}},
  year = {2020},
  note = {Accessed: 2024-03-07},
}

@article{jiang2021fine,
  title={A Fine-Grained Horizontal Scaling Method for Container-Based Cloud},
  author={Jiang, Chunmao and Wu, Peng},
  journal={Scientific Programming},
  volume={2021},
  pages={1--10},
  year={2021},
  publisher={Hindawi Limited}
}

@inproceedings{huo2023high,
  title={High Concurrency Response Strategy based on Kubernetes Horizontal Pod Autoscaler},
  author={Huo, Qizheng and Li, Chengyang and Li, Shaonan and Xie, Yongqiang and Li, Zhongbo},
  booktitle={Journal of Physics: Conference Series},
  volume={2451},  
  pages={012001},
  year={2024},
  organization={IOP Publishing}
}

@misc{metrics-server-FAQ,
  author = {{Kubernetes SIGs}},
  title = {{FAQ for Metrics-server - Kubernetes SIGs}},
  year = {2024},
  howpublished = {\url{https://github.com/kubernetes-sigs/metrics-server/blob/master/FAQ.md}},
  note = {Accessed: 2024-03-10}
}

@misc{KubernetesHPA,
  author = {Kubernetes},
  title = {Running Horizontal Pod Autoscaler},
  year = {2024}, 
  howpublished = {\url{https://kubernetes.io/docs/tasks/run-application/horizontal-pod-autoscale/}},
  note = {Accessed: 2024-03-10}
}

@inproceedings{dimolitsas2022ahp4hpa,
  title={AHP4HPA: An AHP-based Autoscaling Framework for Kubernetes Clusters at the Network Edge},
  author={Dimolitsas, Ioannis and Spatharakis, Dimitrios and Dechouniotis, Dimitrios and Papavassiliou, Symeon},
  booktitle={GLOBECOM 2022-2022 IEEE Global Communications Conference},
  pages={2566--2571},
  year={2022},
  organization={IEEE}
}

@inproceedings{zhao2019research,
  title={Research on resource prediction model based on kubernetes container auto-scaling technology},
  author={Zhao, Anqi and Huang, Qiang and Huang, Yiting and Zou, Lin and Chen, Zhengxi and Song, Jianghang},
  booktitle={IOP Conference Series: Materials Science and Engineering},
  volume={569},
  pages={052092},
  year={2019},
  organization={IOP Publishing}
}

@inproceedings{he2020novel,
  title={Novel container cloud elastic scaling strategy based on Kubernetes},
  author={He, Zhigang},
  booktitle={2020 IEEE 5th information technology and mechatronics engineering conference (ITOEC)},
  pages={1400--1404},
  year={2020},
  organization={IEEE}
}

@inproceedings{yunyun2022research,
  title={Research on elastic cloud resource management strategies based on Kubernetes},
  author={Yunyun, Qiu and Chen, Pingping and Tan, Dingying},
  booktitle={2022 IEEE International Conference on Advances in Electrical Engineering and Computer Applications (AEECA)},
  pages={441--448},
  year={2022},
  organization={IEEE}
}

@article{dang2021deep,
  title={Deep learning-based autoscaling using bidirectional long short-term memory for kubernetes},
  author={Dang-Quang, Nhat-Minh and Yoo, Myungsik},
  journal={Applied Sciences},
  volume={11},
  number={9},
  pages={3835},
  year={2021},
  publisher={MDPI}
}

@inproceedings{gan2021sage,
  title={Sage: practical and scalable ML-driven performance debugging in microservices},
  author={Gan, Yu and Liang, Mingyu and Dev, Sundar and Lo, David and Delimitrou, Christina},
  booktitle={Proceedings of the 26th ACM International Conference on Architectural Support for Programming Languages and Operating Systems},
  pages={135--151},
  year={2021}
}

@inproceedings{shim2023predictive,
  title={Predictive Auto-scaler for Kubernetes Cloud},
  author={Shim, Simon and Dhokariya, Ankit and Doshi, Devangi and Upadhye, Sarvesh and Patwari, Varun and Park, Ji-Yong},
  booktitle={2023 IEEE International Systems Conference (SysCon)},
  pages={1--8},
  year={2024},
  organization={IEEE}
}

@inproceedings{huye2023lifting,
  title={Lifting the veil on $Meta’s$ microservice architecture: Analyses of topology and request workflows},
  author={Huye, Darby and Shkuro, Yuri and Sambasivan, Raja R},
  booktitle={2023 USENIX Annual Technical Conference (USENIX ATC 23)},
  pages={419--432},
  year={2024}
}

@misc{MicroservicesIO,
  title        = {Microservices.io},
  howpublished = {\url{https://microservices.io/}},
  note         = {Accessed: 2023-03-07},
  year         = 2023
}

@misc{AWSStatefulActorServices2023,
  author = {Bo Guan},
  title = {Stateless Isn’t Always the Answer. Building Stateful Actor Services on AWS},
  year = {2023},
  month = {July},
  day = {21},
  howpublished = {\url{https://community.aws/posts/building-stateful-actor-services-on-aws}},
  note = {Accessed: 2023-03-07}
}

@article{gan2019open,
  title={An open-source benchmark suite for cloud and iot microservices},
  author={Gan, Yu and Zhang, Yanqi and Cheng, Dailun and Shetty, Ankitha and Rathi, Priyal and Katarki, Nayan and Bruno, Ariana and Hu, Justin and Ritchken, Brian and Jackson, Brendon and others},
  journal={arXiv preprint arXiv:1905.11055},
  year={2019}
}

@inproceedings{pramesti2022autoscaling,
  title={Autoscaling Based on Response Time Prediction for Microservice Application in Kubernetes},
  author={Pramesti, Annisa Ayu and Kistijantoro, Achmad Imam},
  booktitle={2022 9th International Conference on Advanced Informatics: Concepts, Theory and Applications (ICAICTA)},
  pages={1--6},
  year={2022},
  organization={IEEE}
}

@inproceedings{luo2022power,
  title={The power of prediction: microservice auto scaling via workload learning},
  author={Luo, Shutian and Xu, Huanle and Ye, Kejiang and Xu, Guoyao and Zhang, Liping and Yang, Guodong and Xu, Chengzhong},
  booktitle={Proceedings of the 13th Symposium on Cloud Computing},
  pages={355--369},
  year={2022}
}

@misc{KubecostcAdvisor,
  title = {cAdvisor - Kubernetes DevOps Tools},
  author = {Kubecost},
  howpublished = {\url{https://www.kubecost.com/kubernetes-devops-tools/cadvisor/}},
  year = {2023},
  note = {Accessed: 2024-03-07}
}

@misc{KubernetesStatefulSet2023,
  title = {StatefulSets},
  author = {Kubernetes},
  year = {2023},
  howpublished = {\url{https://kubernetes.io/docs/concepts/workloads/controllers/statefulset/}},
  note = {Accessed: 2024-03-07}
}

@misc{JaegerTracing,
  author = {The Jaeger Authors},
  title = {Jaeger: Open Source, End-to-End Distributed Tracing},
  howpublished = {\url{https://www.jaegertracing.io/}},
  note = {Accessed: 2024-03-07},
  year = {2024}
}

@misc{cAdvisorGithub,
  author = {Google},
  title = {cAdvisor: Container Advisor},
  year = {2024},
  howpublished = {\url{https://github.com/google/cadvisor}},
  note = {Accessed: 2024-03-07}
}
